@article{aserinsky1953regularly,
  title={Regularly occurring periods of eye motility, and concomitant phenomena, during sleep},
  author={Aserinsky, Eugene and Kleitman, Nathaniel},
  journal={Science},
  volume={118},
  number={3062},
  pages={273--274},
  year={1953}
}

@article{de2000spontaneous,
  title={The spontaneous K-complex during stage 2 sleep: is it the ‘forerunner’of delta waves?},
  author={De Gennaro, Luigi and Ferrara, Michele and Bertini, Mario},
  journal={Neuroscience letters},
  volume={291},
  number={1},
  pages={41--43},
  year={2000},
  publisher={Elsevier}
}

@article{lesku2011ostriches,
  title={Ostriches sleep like platypuses},
  author={Lesku, John A and Meyer, Leith CR and Fuller, Andrea and Maloney, Shane K and Dell'Omo, Giacomo and Vyssotski, Alexei L and Rattenborg, Niels C},
  journal={PloS one},
  volume={6},
  number={8},
  pages={e23203},
  year={2011},
  publisher={Public Library of Science}
}

@article{rechtschaffen1968manual,
  title={A manual of standardized terminology, techniques and scoring system for sleep stages of human subjects},
  author={Rechtschaffen, Allan and Kales, Anthony},
  year={1968},
  publisher={US Government Printing Office, US Public Health Service}
}


@article{roffwarg1966ontogenetic,
  title={Ontogenetic development of the human sleep-dream cycle.},
  author={Roffwarg, Howard P and Muzio, Joseph N and Dement, William C},
  journal={Science},
  year={1966},
  publisher={American Assn for the Advancement of Science}
}

@article{steriade1993thalamocortical,
  title={Thalamocortical oscillations in the sleeping and aroused brain},
  author={Steriade, Mircea and McCormick, David A and Sejnowski, Terrence J},
  journal={Science},
  volume={262},
  number={5134},
  pages={679--685},
  year={1993},
  publisher={American Association for the Advancement of Science}
}

@article{steriade2003neuronal,
  title={Neuronal plasticity in thalamocortical networks during sleep and waking oscillations},
  author={Steriade, Mircea and Timofeev, Igor},
  journal={Neuron},
  volume={37},
  number={4},
  pages={563--576},
  year={2003},
  publisher={Elsevier}
}
