@article{cei2014reversed,
  title={Reversed theta sequences of hippocampal cell assemblies during backward travel},
  author={Cei, Anne and Girardeau, Gabrielle and Drieu, C{\'e}line and El Kanbi, Karim and Zugaro, Micha{\"e}l},
  journal={Nature neuroscience},
  year={2014},
  publisher={Nature Publishing Group}
}


@article{davidson2009hippocampal,
  title={Hippocampal replay of extended experience},
  author={Davidson, Thomas J and Kloosterman, Fabian and Wilson, Matthew A},
  journal={Neuron},
  volume={63},
  number={4},
  pages={497--507},
  year={2009},
  publisher={Elsevier}
}

@article{diba2007forward,
  title={Forward and reverse hippocampal place-cell sequences during ripples},
  author={Diba, Kamran and Buzs{\'a}ki, Gy{\"o}rgy},
  journal={Nature neuroscience},
  volume={10},
  number={10},
  pages={1241--1242},
  year={2007},
  publisher={Nature Publishing Group}
}

@article{ego2010disruption,
  title={Disruption of ripple-associated hippocampal activity during rest impairs spatial learning in the rat},
  author={Ego-Stengel, Val{\'e}rie and Wilson, Matthew A},
  journal={Hippocampus},
  volume={20},
  number={1},
  pages={1--10},
  year={2010},
  publisher={Wiley Online Library}
}

@article{foster2006reverse,
  title={Reverse replay of behavioural sequences in hippocampal place cells during the awake state},
  author={Foster, David J and Wilson, Matthew A},
  journal={Nature},
  volume={440},
  number={7084},
  pages={680--683},
  year={2006},
  publisher={Nature Publishing Group}
}

@article{foster2007hippocampal,
  title={Hippocampal theta sequences},
  author={Foster, David J and Wilson, Matthew A},
  journal={Hippocampus},
  volume={17},
  number={11},
  pages={1093--1099},
  year={2007},
  publisher={Wiley Online Library}
}

@article{girardeau2009selective,
  title={Selective suppression of hippocampal ripples impairs spatial memory},
  author={Girardeau, Gabrielle and Benchenane, Karim and Wiener, Sidney I and Buzs{\'a}ki, Gy{\"o}rgy and Zugaro, Micha{\"e}l B},
  journal={Nature neuroscience},
  volume={12},
  number={10},
  pages={1222--1223},
  year={2009},
  publisher={Nature Publishing Group}
}

@article{gupta2012segmentation,
  title={Segmentation of spatial experience by hippocampal theta sequences},
  author={Gupta, Anoopum S and van der Meer, Matthijs AA and Touretzky, David S and Redish, A David},
  journal={Nature neuroscience},
  volume={15},
  number={7},
  pages={1032--1039},
  year={2012},
  publisher={Nature Publishing Group}
}

@inproceedings{harris2005composable,
  title={Composable memory transactions},
  author={Harris, Tim and Marlow, Simon and Peyton-Jones, Simon and Herlihy, Maurice},
  booktitle={Proceedings of the tenth ACM SIGPLAN symposium on Principles and practice of parallel programming},
  pages={48--60},
  year={2005},
  organization={ACM}
}

@article{hartmanis1965computational,
  title={On the computational complexity of algorithms},
  author={Hartmanis, Juris and Stearns, Richard E},
  journal={Transactions of the American Mathematical Society},
  pages={285--306},
  year={1965},
  publisher={JSTOR}
}

@article{hughes1989functional,
  title={Why functional programming matters},
  author={Hughes, John},
  journal={The computer journal},
  volume={32},
  number={2},
  pages={98--107},
  year={1989},
  publisher={Br Computer Soc}
}

@article{jadhav2012awake,
  title={Awake hippocampal sharp-wave ripples support spatial memory},
  author={Jadhav, Shantanu P and Kemere, Caleb and German, P Walter and Frank, Loren M},
  journal={Science},
  volume={336},
  number={6087},
  pages={1454--1458},
  year={2012},
  publisher={American Association for the Advancement of Science}
}

@article{jezek2011theta,
  title={Theta-paced flickering between place-cell maps in the hippocampus},
  author={Jezek, Karel and Henriksen, Espen J and Treves, Alessandro and Moser, Edvard I and Moser, May-Britt},
  journal={Nature},
  volume={478},
  number={7368},
  pages={246--249},
  year={2011},
  publisher={Nature Publishing Group}
}

@article{jones2001tackling,
  title={Tackling the awkward squad},
  author={Jones, Simon Peyton},
  journal={Engineering theories of software construction},
  pages={47--96},
  year={2001}
}

@book{jones2003haskell,
  title={Haskell 98 language and libraries: the revised report},
  author={Jones, Simon L Peyton},
  year={2003},
  publisher={Cambridge University Press}
}



@article{karlsson2009awake,
  title={Awake replay of remote experiences in the hippocampus},
  author={Karlsson, Mattias P and Frank, Loren M},
  journal={Nature neuroscience},
  volume={12},
  number={7},
  pages={913--918},
  year={2009},
  publisher={Nature Publishing Group}
}

@article{kloosterman2014bayesian,
  title={Bayesian decoding using unsorted spikes in the rat hippocampus},
  author={Kloosterman, Fabian and Layton, Stuart P and Chen, Zhe and Wilson, Matthew A},
  journal={Journal of neurophysiology},
  volume={111},
  number={1},
  pages={217--227},
  year={2014},
  publisher={Am Physiological Soc}
}


@inproceedings{kuper2013lvars,
  title={LVars: lattice-based data structures for deterministic parallelism},
  author={Kuper, Lindsey and Newton, Ryan R},
  booktitle={Proceedings of the 2nd ACM SIGPLAN workshop on Functional high-performance computing},
  pages={71--84},
  year={2013},
  organization={ACM}
}

@article{lazebnik2004can,
  title={Can a biologist fix a radio?—or, what I learned while studying apoptosis},
  author={Lazebnik, Yuri},
  journal={Biochemistry (Moscow)},
  volume={69},
  number={12},
  pages={1403--1406},
  year={2004},
  publisher={Springer}
}

@article{lee2002memory,
  title={Memory of sequential experience in the hippocampus during slow wave sleep},
  author={Lee, Albert K and Wilson, Matthew A},
  journal={Neuron},
  volume={36},
  number={6},
  pages={1183--1194},
  year={2002},
  publisher={Elsevier}
}

@article{liu2012optogenetic,
  title={Optogenetic stimulation of a hippocampal engram activates fear memory recall},
  author={Liu, Xu and Ramirez, Steve and Pang, Petti T and Puryear, Corey B and Govindarajan, Arvind and Deisseroth, Karl and Tonegawa, Susumu},
  journal={Nature},
  volume={484},
  number={7394},
  pages={381--385},
  year={2012},
  publisher={Nature Publishing Group}
}

@inproceedings{matsakis2014rust,
  title={The rust language},
  author={Matsakis, Nicholas D and Klock II, Felix S},
  booktitle={Proceedings of the 2014 ACM SIGAda annual conference on High integrity language technology},
  pages={103--104},
  year={2014},
  organization={ACM}
}


@article{miller2008all,
  title={All my circuits: using multiple electrodes to understand functioning neural networks},
  author={Miller, Earl K and Wilson, Matthew A},
  journal={Neuron},
  volume={60},
  number={3},
  pages={483--488},
  year={2008},
  publisher={Elsevier}
}




@article{pfeiffer2013hippocampal,
  title={Hippocampal place-cell sequences depict future paths to remembered goals},
  author={Pfeiffer, Brad E and Foster, David J},
  journal={Nature},
  year={2013},
  publisher={Nature Publishing Group}
}

@misc{sedgewickalgorithms,
  title={Algorithms in C (1998)},
  author={Sedgewick, Robert},
  publisher={Addison Wesley. ISBN 0-201-31452-5}
}

@article{shavit1997software,
  title={Software transactional memory},
  author={Shavit, Nir and Touitou, Dan},
  journal={Distributed Computing},
  volume={10},
  number={2},
  pages={99--116},
  year={1997},
  publisher={Springer}
}

@article{thompson1989place,
  title={Place cells and silent cells in the hippocampus of freely-behaving rats},
  author={Thompson, LT and Best, PJ},
  journal={The Journal of neuroscience},
  volume={9},
  number={7},
  pages={2382--2390},
  year={1989},
  publisher={Soc Neuroscience}
}

@article{wilson1993dynamics, 
  title={Dynamics of the hippocampal ensemble code for space}, 
  volume={261}, 
  ISSN={1095-9203}, 
  url={http://dx.doi.org/10.1126/science.8351520}, 
  DOI={10.1126/science.8351520}, number={5124}, 
  journal={Science}, 
  publisher={American Association for the Advancement of Science (AAAS)}, 
  author={Wilson, M. and McNaughton, B.}, 
  year={1993}, 
  month={Aug}, 
  pages={1055–1058}
}

@article{zhang1998interpreting,
  title={Interpreting neuronal population activity by reconstruction: unified framework with application to hippocampal place cells},
  author={Zhang, Kechen and Ginzburg, Iris and McNaughton, Bruce L and Sejnowski, Terrence J},
  journal={Journal of Neurophysiology},
  volume={79},
  number={2},
  pages={1017--1044},
  year={1998},
  publisher={[Bethesda, MD, etc.] American Physiological Society [etc.]}
}