@article{ahmed2009hippocampal,
  title={The hippocampal rate code: anatomy, physiology and theory},
  author={Ahmed, Omar J and Mehta, Mayank R},
  journal={Trends in neurosciences},
  volume={32},
  number={6},
  pages={329--338},
  year={2009},
  publisher={Elsevier}
}


@article{annese2014postmortem,
  title={Postmortem examination of patient HMâ€™s brain based on histological sectioning and digital 3D reconstruction},
  author={Annese, Jacopo and Schenker-Ahmed, Natalie M and Bartsch, Hauke and Maechler, Paul and Sheh, Colleen and Thomas, Natasha and Kayano, Junya and Ghatan, Alexander and Bresler, Noah and Frosch, Matthew P and others},
  journal={Nature communications},
  volume={5},
  year={2014},
  publisher={Nature Publishing Group}
}

@article{bullock1990coherence,
  title={Coherence of compound field potentials reveals discontinuities in the CA1-subiculum of the hippocampus in freely-moving rats},
  author={Bullock, TH and Buzsaki, G and McClune, MC},
  journal={Neuroscience},
  volume={38},
  number={3},
  pages={609--619},
  year={1990},
  publisher={Elsevier}
}

@article{buzsaki2002theta,
  title={Theta oscillations in the hippocampus},
  author={Buzs{\'a}ki, Gy{\"o}rgy},
  journal={Neuron},
  volume={33},
  number={3},
  pages={325--340},
  year={2002},
  publisher={Elsevier}
}

@article{chen2014neural,
  title={Neural representation of spatial topology in the rodent hippocampus},
  author={Chen, Zhe and Gomperts, Stephen N and Yamamoto, Jun and Wilson, Matthew A},
  journal={Neural computation},
  volume={26},
  number={1},
  pages={1--39},
  year={2014},
  publisher={MIT Press}
}

 
@article{cheng2013rigid,
  title={Rigid firing sequences undermine spatial memory codes in a neurodegenerative mouse model},
  author={Cheng, Jingheng and Ji, Daoyun},
  journal={Elife},
  volume={2},
  year={2013},
  publisher={eLife Sciences Publications Limited}
}


@article{colgin2009frequency,
  title={Frequency of gamma oscillations routes flow of information in the hippocampus},
  author={Colgin, Laura Lee and Denninger, Tobias and Fyhn, Marianne and Hafting, Torkel and Bonnevie, Tora and Jensen, Ole and Moser, May-Britt and Moser, Edvard I},
  journal={Nature},
  volume={462},
  number={7271},
  pages={353--357},
  year={2009},
  publisher={Nature Publishing Group}
}

@article{davidson2009hippocampal,
  title={Hippocampal replay of extended experience},
  author={Davidson, Thomas J and Kloosterman, Fabian and Wilson, Matthew A},
  journal={Neuron},
  volume={63},
  number={4},
  pages={497--507},
  year={2009},
  publisher={Elsevier}
}


@article{dragoi2006temporal,
  title={Temporal encoding of place sequences by hippocampal cell assemblies},
  author={Dragoi, George and Buzs{\'a}ki, Gy{\"o}rgy},
  journal={Neuron},
  volume={50},
  number={1},
  pages={145--157},
  year={2006},
  publisher={Elsevier}
}

@article{eichenbaum2000hippocampus,
  title={Hippocampus: Mapping or memory?},
  author={Eichenbaum, Howard},
  journal={Current Biology},
  volume={10},
  number={21},
  pages={R785--R787},
  year={2000},
  publisher={Elsevier}
}


@article{foster2007hippocampal,
  title={Hippocampal theta sequences},
  author={Foster, David J and Wilson, Matthew A},
  journal={Hippocampus},
  volume={17},
  number={11},
  pages={1093--1099},
  year={2007},
  publisher={Wiley Online Library}
}

@article{fries2009model,
  title={The model-and the data-gamma},
  author={Fries, Pascal},
  journal={Neuron},
  volume={64},
  number={5},
  pages={601--602},
  year={2009},
  publisher={Elsevier}
}

@article{fries2009neuronal,
  title={Neuronal gamma-band synchronization as a fundamental process in cortical computation},
  author={Fries, Pascal},
  journal={Annual review of neuroscience},
  volume={32},
  pages={209--224},
  year={2009},
  publisher={Annual Reviews}
}


@article{gupta2012segmentation,
  title={Segmentation of spatial experience by hippocampal theta sequences},
  author={Gupta, Anoopum S and van der Meer, Matthijs AA and Touretzky, David S and Redish, A David},
  journal={Nature neuroscience},
  volume={15},
  number={7},
  pages={1032--1039},
  year={2012},
  publisher={Nature Publishing Group}
}

@article{hafting2005microstructure,
  title={Microstructure of a spatial map in the entorhinal cortex},
  author={Hafting, Torkel and Fyhn, Marianne and Molden, Sturla and Moser, May-Britt and Moser, Edvard I},
  journal={Nature},
  volume={436},
  number={7052},
  pages={801--806},
  year={2005},
  publisher={Nature Publishing Group}
}


@article{hafting2008hippocampus,
  title={Hippocampus-independent phase precession in entorhinal grid cells},
  author={Hafting, Torkel and Fyhn, Marianne and Bonnevie, Tora and Moser, May-Britt and Moser, Edvard I},
  journal={Nature},
  volume={453},
  number={7199},
  pages={1248--1252},
  year={2008},
  publisher={Nature Publishing Group}
}

@article{harvey2009intracellular,
  title={Intracellular dynamics of hippocampal place cells during virtual navigation},
  author={Harvey, Christopher D and Collman, Forrest and Dombeck, Daniel A and Tank, David W},
  journal={Nature},
  volume={461},
  number={7266},
  pages={941--946},
  year={2009},
  publisher={Nature Publishing Group}
}


@article{hasselmo2002proposed,
  title={A proposed function for hippocampal theta rhythm: separate phases of encoding and retrieval enhance reversal of prior learning},
  author={Hasselmo, M and Bodel{\'o}n, Clara and Wyble, B},
  journal={Neural computation},
  volume={14},
  number={4},
  pages={793--817},
  year={2002},
  publisher={MIT Press}
}

@book{hebb2002organization,
  title={The organization of behavior: A neuropsychological theory},
  author={Hebb, Donald Olding},
  year={2002},
  publisher={Psychology Press}
}

@article{huxter2003independent,
  title={Independent rate and temporal coding in hippocampal pyramidal cells},
  author={Huxter, John and Burgess, Neil and O'Keefe, John},
  journal={Nature},
  volume={425},
  number={6960},
  pages={828--832},
  year={2003},
  publisher={Nature Publishing Group}
}

@article{jones2005phase,
  title={Phase precession of medial prefrontal cortical activity relative to the hippocampal theta rhythm},
  author={Jones, Matthew W and Wilson, Matthew A},
  journal={Hippocampus},
  volume={15},
  number={7},
  pages={867--873},
  year={2005},
  publisher={Wiley Online Library}
}

@article{jones2005theta,
  title={Theta rhythms coordinate hippocampal--prefrontal interactions in a spatial memory task},
  author={Jones, Matthew W and Wilson, Matthew A},
  journal={PLoS biology},
  volume={3},
  number={12},
  pages={e402},
  year={2005},
  publisher={Public Library of Science}
}

@article{kamondi1998theta,
  title={Theta oscillations in somata and dendrites of hippocampal pyramidal cells in vivo: Activity-dependent phase-precession of action potentials},
  author={Kamondi, Anita and Acs{\'a}dy, L{\'a}szl{\'o} and Wang, Xiao-Jing and Buzs{\'a}ki, Gy{\"o}rgy},
  journal={Hippocampus},
  volume={8},
  number={3},
  pages={244--261},
  year={1998},
  publisher={Wiley Online Library}
}

@article{kim2012spatial,
  title={Spatial information outflow from the hippocampal circuit: distributed spatial coding and phase precession in the subiculum},
  author={Kim, Steve M and Ganguli, Surya and Frank, Loren M},
  journal={The Journal of neuroscience},
  volume={32},
  number={34},
  pages={11539--11558},
  year={2012},
  publisher={Soc Neuroscience}
}

@article{kocsis1999interdependence,
  title={Interdependence of multiple theta generators in the hippocampus: a partial coherence analysis},
  author={Kocsis, Bernat and Bragin, Anatol and Buzs{\'a}ki, Gy{\"o}rgy},
  journal={The Journal of neuroscience},
  volume={19},
  number={14},
  pages={6200--6212},
  year={1999},
  publisher={Soc Neuroscience}
}

@article{lubenov2009hippocampal,
  title={Hippocampal theta oscillations are travelling waves},
  author={Lubenov, Evgueniy V and Siapas, Athanassios G},
  journal={Nature},
  volume={459},
  number={7246},
  pages={534--539},
  year={2009},
  publisher={Nature Publishing Group}
}

@article{magee2001dendritic,
  title={Dendritic mechanisms of phase precession in hippocampal CA1 pyramidal neurons},
  author={Magee, Jeffrey C},
  journal={Journal of Neurophysiology},
  volume={86},
  number={1},
  pages={528--532},
  year={2001},
  publisher={Am Physiological Soc}
}


@article{marr1971simple,
  title={Simple memory: a theory for archicortex},
  author={Marr, David},
  journal={Philosophical Transactions of the Royal Society of London. Series B, Biological Sciences},
  pages={23--81},
  year={1971},
  publisher={JSTOR}
}

@article{maunsell1983connections,
  title={The connections of the middle temporal visual area (MT) and their relationship to a cortical hierarchy in the macaque monkey},
  author={Maunsell, JH and van Essen, DAVID C},
  journal={The Journal of neuroscience},
  volume={3},
  number={12},
  pages={2563--2586},
  year={1983},
  publisher={Soc Neuroscience}
}


@article{maurer2007network,
  title={Network and intrinsic cellular mechanisms underlying theta phase precession of hippocampal neurons},
  author={Maurer, Andrew P and McNaughton, Bruce L},
  journal={Trends in neurosciences},
  volume={30},
  number={7},
  pages={325--333},
  year={2007},
  publisher={Elsevier}
}

@article{mcfarland1975relationship,
  title={Relationship between hippocampal theta activity and running speed in the rat.},
  author={McFarland, Willard L and Teitelbaum, Herman and Hedges, Elizabeth K},
  journal={Journal of comparative and physiological psychology},
  volume={88},
  number={1},
  pages={324},
  year={1975},
  publisher={American Psychological Association}
}

@article{mcnaughton2006path,
  title={Path integration and the neural basis of the'cognitive map'},
  author={McNaughton, Bruce L and Battaglia, Francesco P and Jensen, Ole and Moser, Edvard I and Moser, May-Britt},
  journal={Nature Reviews Neuroscience},
  volume={7},
  number={8},
  pages={663--678},
  year={2006},
  publisher={Nature Publishing Group}
}


@article{mehta2002role,
  title={Role of experience and oscillations in transforming a rate code into a temporal code},
  author={Mehta, MR and Lee, AK and Wilson, MA},
  journal={Nature},
  volume={417},
  number={6890},
  pages={741--746},
  year={2002},
  publisher={Nature Publishing Group}
}

@article{miller2008all,
  title={All my circuits: using multiple electrodes to understand functioning neural networks},
  author={Miller, Earl K and Wilson, Matthew A},
  journal={Neuron},
  volume={60},
  number={3},
  pages={483--488},
  year={2008},
  publisher={Elsevier}
}

@article{milner1968further,
  title={Further analysis of the hippocampal amnesic syndrome: 14-year follow-up study of HM},
  author={Milner, Brenda and Corkin, Suzanne and Teuber, H-L},
  journal={Neuropsychologia},
  volume={6},
  number={3},
  pages={215--234},
  year={1968},
  publisher={Elsevier}
}

@article{mitchell1980generation,
  title={Generation of theta rhythm in medial entorhinal cortex of freely moving rats},
  author={Mitchell, Susan J and Ranck Jr, James B},
  journal={Brain research},
  volume={189},
  number={1},
  pages={49--66},
  year={1980},
  publisher={Elsevier}
}

@article{mizuseki2009theta,
  title={Theta oscillations provide temporal windows for local circuit computation in the entorhinal-hippocampal loop},
  author={Mizuseki, Kenji and Sirota, Anton and Pastalkova, Eva and Buzs{\'a}ki, Gy{\"o}rgy},
  journal={Neuron},
  volume={64},
  number={2},
  pages={267--280},
  year={2009},
  publisher={Elsevier}
}


@article{morris1984developments,
  title={Developments of a water-maze procedure for studying spatial learning in the rat},
  author={Morris, Richard},
  journal={Journal of neuroscience methods},
  volume={11},
  number={1},
  pages={47--60},
  year={1984},
  publisher={Elsevier}
}

@article{moser2005test,
  title={A test of the reverberatory activity hypothesis for hippocampal â€˜placeâ€™cells},
  author={Moser, EI and Moser, M-B and Lipa, P and Newton, M and Houston, FP and Barnes, CA and McNaughton, BL},
  journal={Neuroscience},
  volume={130},
  number={2},
  pages={519--526},
  year={2005},
  publisher={Elsevier}
}

@article{o1971hippocampus,
  title={The hippocampus as a spatial map. Preliminary evidence from unit activity in the freely-moving rat},
  author={O'Keefe, John and Dostrovsky, Jonathan},
  journal={Brain research},
  volume={34},
  number={1},
  pages={171--175},
  year={1971},
  publisher={Elsevier}
}

@article{o1993phase,
  title={Phase relationship between hippocampal place units and the EEG theta rhythm},
  author={O'Keefe, John and Recce, Michael L},
  journal={Hippocampus},
  volume={3},
  number={3},
  pages={317--330},
  year={1993},
  publisher={Wiley Online Library}
}

@article{patel2012traveling,
  title={Traveling theta waves along the entire septotemporal axis of the hippocampus},
  author={Patel, Jagdish and Fujisawa, Shigeyoshi and Ber{\'e}nyi, Antal and Royer, S{\'e}bastien and Buzs{\'a}ki, Gy{\"o}rgy},
  journal={Neuron},
  volume={75},
  number={3},
  pages={410--417},
  year={2012},
  publisher={Elsevier}
}

@inproceedings{ranck1984head,
  title={Head direction cells in the deep cell layer of dorsal presubiculum in freely moving rats},
  author={Ranck Jr, JB},
  booktitle={Soc Neurosci Abstr},
  volume={10},
  number={176.12},
  year={1984}
}


@article{sirota2008entrainment,
  title={Entrainment of neocortical neurons and gamma oscillations by the hippocampal theta rhythm},
  author={Sirota, Anton and Montgomery, Sean and Fujisawa, Shigeyoshi and Isomura, Yoshikazu and Zugaro, Michael and Buzs{\'a}ki, Gy{\"o}rgy},
  journal={Neuron},
  volume={60},
  number={4},
  pages={683--697},
  year={2008},
  publisher={Elsevier}
}


@article{skaggs1996theta,
  title={Theta phase precession in hippocampal neuronal populations and the compression of temporal sequences},
  author={Skaggs, William E and McNaughton, Bruce L and Wilson, Matthew A and Barnes, Carol A},
  journal={Hippocampus},
  volume={6},
  number={2},
  pages={149--172},
  year={1996}
}

@article{siapas2005prefrontal,
  title={Prefrontal phase locking to hippocampal theta oscillations},
  author={Siapas, Athanassios G and Lubenov, Evgueniy V and Wilson, Matthew A},
  journal={Neuron},
  volume={46},
  number={1},
  pages={141--151},
  year={2005},
  publisher={Elsevier}
}

@article{slawinska1998frequency,
  title={The frequency of rat's hippocampal theta rhythm is related to the speed of locomotion},
  author={S{\l}awi{\'n}ska, Urszula and Kasicki, Stefan},
  journal={Brain research},
  volume={796},
  number={1},
  pages={327--331},
  year={1998},
  publisher={Elsevier}
}


@article{vanderwolf1969hippocampal,
  title={Hippocampal electrical activity and voluntary movement in the rat},
  author={Vanderwolf, CH},
  journal={Electroencephalography and clinical neurophysiology},
  volume={26},
  number={4},
  pages={407--418},
  year={1969},
  publisher={Elsevier}
}

@article{van2011theta,
  title={Theta phase precession in rat ventral striatum links place and reward information},
  author={van der Meer, Matthijs AA and Redish, A David},
  journal={The Journal of Neuroscience},
  volume={31},
  number={8},
  pages={2843--2854},
  year={2011},
  publisher={Soc Neuroscience}
}

@article{victor1971wernicke,
  title={The Wernicke-Korsakoff syndrome. A clinical and pathological study of 245 patients, 82 with post-mortem examinations.},
  author={Victor, Maurice and Adams, Raymond Delacy and Collins, George H},
  journal={Contemporary neurology series},
  volume={7},
  pages={1},
  year={1971}
}

@article{wierzynski2009state,
  title={State-dependent spike-timing relationships between hippocampal and prefrontal circuits during sleep},
  author={Wierzynski, Casimir M and Lubenov, Evgueniy V and Gu, Ming and Siapas, Athanassios G},
  journal={Neuron},
  volume={61},
  number={4},
  pages={587--596},
  year={2009},
  publisher={Elsevier}
}

@article{wilson1993dynamics,
  title={Dynamics of the Hippocampal Ensemble Code for Space},
  author={Wilson, Matthew A and McNaughton, Bruce L},
  journal={Science},
  volume={206},
  pages={1055--1057},
  year={1993}
}

@article{zugaro2004spike,
  title={Spike phase precession persists after transient intrahippocampal perturbation},
  author={Zugaro, Micha{\"e}l B and Monconduit, L{\'e}na{\"\i}c and Buzs{\'a}ki, Gy{\"o}rgy},
  journal={Nature neuroscience},
  volume={8},
  number={1},
  pages={67--71},
  year={2004},
  publisher={Nature Publishing Group}
}
