@article{vanderwolf1969hippocampal,
  title={Hippocampal electrical activity and voluntary movement in the rat},
  author={Vanderwolf, CH},
  journal={Electroencephalography and clinical neurophysiology},
  volume={26},
  number={4},
  pages={407--418},
  year={1969},
  publisher={Elsevier}
}

@article{buzsaki2002theta,
  title={Theta oscillations in the hippocampus},
  author={Buzs{\'a}ki, Gy{\"o}rgy},
  journal={Neuron},
  volume={33},
  number={3},
  pages={325--340},
  year={2002},
  publisher={Elsevier}
}