
@article{lorente1934studies,
  title={Studies on the structure of the cerebral cortex. II. Continuation of the study of the ammonic system.},
  author={Lorente de N{\'o}, Rafael},
  journal={Journal f{\"u}r Psychologie und Neurologie},
  year={1934}
}