@article{hughes1989functional,
  title={Why functional programming matters},
  author={Hughes, John},
  journal={The computer journal},
  volume={32},
  number={2},
  pages={98--107},
  year={1989},
  publisher={Br Computer Soc}
}

@article{lorente1934studies,
  title={Studies on the structure of the cerebral cortex. II. Continuation of the study of the ammonic system.},
  author={Lorente de N{\'o}, Rafael},
  journal={Journal f{\"u}r Psychologie und Neurologie},
  year={1934}
}