@article{annese2014postmortem,
  title={Postmortem examination of patient HMâ€™s brain based on histological sectioning and digital 3D reconstruction},
  author={Annese, Jacopo and Schenker-Ahmed, Natalie M and Bartsch, Hauke and Maechler, Paul and Sheh, Colleen and Thomas, Natasha and Kayano, Junya and Ghatan, Alexander and Bresler, Noah and Frosch, Matthew P and others},
  journal={Nature communications},
  volume={5},
  year={2014},
  publisher={Nature Publishing Group}
}


@article{buzsaki2002theta,
  title={Theta oscillations in the hippocampus},
  author={Buzs{\'a}ki, Gy{\"o}rgy},
  journal={Neuron},
  volume={33},
  number={3},
  pages={325--340},
  year={2002},
  publisher={Elsevier}
}

@article{colgin2009frequency,
  title={Frequency of gamma oscillations routes flow of information in the hippocampus},
  author={Colgin, Laura Lee and Denninger, Tobias and Fyhn, Marianne and Hafting, Torkel and Bonnevie, Tora and Jensen, Ole and Moser, May-Britt and Moser, Edvard I},
  journal={Nature},
  volume={462},
  number={7271},
  pages={353--357},
  year={2009},
  publisher={Nature Publishing Group}
}

@article{dragoi2006temporal,
  title={Temporal encoding of place sequences by hippocampal cell assemblies},
  author={Dragoi, George and Buzs{\'a}ki, Gy{\"o}rgy},
  journal={Neuron},
  volume={50},
  number={1},
  pages={145--157},
  year={2006},
  publisher={Elsevier}
}

@article{foster2007hippocampal,
  title={Hippocampal theta sequences},
  author={Foster, David J and Wilson, Matthew A},
  journal={Hippocampus},
  volume={17},
  number={11},
  pages={1093--1099},
  year={2007},
  publisher={Wiley Online Library}
}

@article{fries2009model,
  title={The model-and the data-gamma},
  author={Fries, Pascal},
  journal={Neuron},
  volume={64},
  number={5},
  pages={601--602},
  year={2009},
  publisher={Elsevier}
}

@article{fries2009neuronal,
  title={Neuronal gamma-band synchronization as a fundamental process in cortical computation},
  author={Fries, Pascal},
  journal={Annual review of neuroscience},
  volume={32},
  pages={209--224},
  year={2009},
  publisher={Annual Reviews}
}


@article{gupta2012segmentation,
  title={Segmentation of spatial experience by hippocampal theta sequences},
  author={Gupta, Anoopum S and van der Meer, Matthijs AA and Touretzky, David S and Redish, A David},
  journal={Nature neuroscience},
  volume={15},
  number={7},
  pages={1032--1039},
  year={2012},
  publisher={Nature Publishing Group}
}

@article{hafting2005microstructure,
  title={Microstructure of a spatial map in the entorhinal cortex},
  author={Hafting, Torkel and Fyhn, Marianne and Molden, Sturla and Moser, May-Britt and Moser, Edvard I},
  journal={Nature},
  volume={436},
  number={7052},
  pages={801--806},
  year={2005},
  publisher={Nature Publishing Group}
}


@article{hafting2008hippocampus,
  title={Hippocampus-independent phase precession in entorhinal grid cells},
  author={Hafting, Torkel and Fyhn, Marianne and Bonnevie, Tora and Moser, May-Britt and Moser, Edvard I},
  journal={Nature},
  volume={453},
  number={7199},
  pages={1248--1252},
  year={2008},
  publisher={Nature Publishing Group}
}

@article{huxter2003independent,
  title={Independent rate and temporal coding in hippocampal pyramidal cells},
  author={Huxter, John and Burgess, Neil and O'Keefe, John},
  journal={Nature},
  volume={425},
  number={6960},
  pages={828--832},
  year={2003},
  publisher={Nature Publishing Group}
}
@article{jones2005theta,
  title={Theta rhythms coordinate hippocampal--prefrontal interactions in a spatial memory task},
  author={Jones, Matthew W and Wilson, Matthew A},
  journal={PLoS biology},
  volume={3},
  number={12},
  pages={e402},
  year={2005},
  publisher={Public Library of Science}
}

@article{kamondi1998theta,
  title={Theta oscillations in somata and dendrites of hippocampal pyramidal cells in vivo: Activity-dependent phase-precession of action potentials},
  author={Kamondi, Anita and Acs{\'a}dy, L{\'a}szl{\'o} and Wang, Xiao-Jing and Buzs{\'a}ki, Gy{\"o}rgy},
  journal={Hippocampus},
  volume={8},
  number={3},
  pages={244--261},
  year={1998},
  publisher={Wiley Online Library}
}


@article{lubenov2009hippocampal,
  title={Hippocampal theta oscillations are travelling waves},
  author={Lubenov, Evgueniy V and Siapas, Athanassios G},
  journal={Nature},
  volume={459},
  number={7246},
  pages={534--539},
  year={2009},
  publisher={Nature Publishing Group}
}


@article{mehta2002role,
  title={Role of experience and oscillations in transforming a rate code into a temporal code},
  author={Mehta, MR and Lee, AK and Wilson, MA},
  journal={Nature},
  volume={417},
  number={6890},
  pages={741--746},
  year={2002},
  publisher={Nature Publishing Group}
}

@article{milner1968further,
  title={Further analysis of the hippocampal amnesic syndrome: 14-year follow-up study of HM},
  author={Milner, Brenda and Corkin, Suzanne and Teuber, H-L},
  journal={Neuropsychologia},
  volume={6},
  number={3},
  pages={215--234},
  year={1968},
  publisher={Elsevier}
}

@article{mitchell1980generation,
  title={Generation of theta rhythm in medial entorhinal cortex of freely moving rats},
  author={Mitchell, Susan J and Ranck Jr, James B},
  journal={Brain research},
  volume={189},
  number={1},
  pages={49--66},
  year={1980},
  publisher={Elsevier}
}

@article{mizuseki2009theta,
  title={Theta oscillations provide temporal windows for local circuit computation in the entorhinal-hippocampal loop},
  author={Mizuseki, Kenji and Sirota, Anton and Pastalkova, Eva and Buzs{\'a}ki, Gy{\"o}rgy},
  journal={Neuron},
  volume={64},
  number={2},
  pages={267--280},
  year={2009},
  publisher={Elsevier}
}


@article{morris1984developments,
  title={Developments of a water-maze procedure for studying spatial learning in the rat},
  author={Morris, Richard},
  journal={Journal of neuroscience methods},
  volume={11},
  number={1},
  pages={47--60},
  year={1984},
  publisher={Elsevier}
}

@article{o1971hippocampus,
  title={The hippocampus as a spatial map. Preliminary evidence from unit activity in the freely-moving rat},
  author={O'Keefe, John and Dostrovsky, Jonathan},
  journal={Brain research},
  volume={34},
  number={1},
  pages={171--175},
  year={1971},
  publisher={Elsevier}
}

@article{o1993phase,
  title={Phase relationship between hippocampal place units and the EEG theta rhythm},
  author={O'Keefe, John and Recce, Michael L},
  journal={Hippocampus},
  volume={3},
  number={3},
  pages={317--330},
  year={1993},
  publisher={Wiley Online Library}
}

@inproceedings{ranck1984head,
  title={Head direction cells in the deep cell layer of dorsal presubiculum in freely moving rats},
  author={Ranck Jr, JB},
  booktitle={Soc Neurosci Abstr},
  volume={10},
  number={176.12},
  year={1984}
}


@article{sirota2008entrainment,
  title={Entrainment of neocortical neurons and gamma oscillations by the hippocampal theta rhythm},
  author={Sirota, Anton and Montgomery, Sean and Fujisawa, Shigeyoshi and Isomura, Yoshikazu and Zugaro, Michael and Buzs{\'a}ki, Gy{\"o}rgy},
  journal={Neuron},
  volume={60},
  number={4},
  pages={683--697},
  year={2008},
  publisher={Elsevier}
}


@article{skaggs1996theta,
  title={Theta phase precession in hippocampal neuronal populations and the compression of temporal sequences},
  author={Skaggs, William E and McNaughton, Bruce L and Wilson, Matthew A and Barnes, Carol A},
  journal={Hippocampus},
  volume={6},
  number={2},
  pages={149--172},
  year={1996}
}


@article{vanderwolf1969hippocampal,
  title={Hippocampal electrical activity and voluntary movement in the rat},
  author={Vanderwolf, CH},
  journal={Electroencephalography and clinical neurophysiology},
  volume={26},
  number={4},
  pages={407--418},
  year={1969},
  publisher={Elsevier}
}

@article{victor1971wernicke,
  title={The Wernicke-Korsakoff syndrome. A clinical and pathological study of 245 patients, 82 with post-mortem examinations.},
  author={Victor, Maurice and Adams, Raymond Delacy and Collins, George H},
  journal={Contemporary neurology series},
  volume={7},
  pages={1},
  year={1971}
}
